<collection xmlns="http://www.loc.gov/MARC21/slim">
<record>
  <leader>02419nam0a2200349 i 450 </leader>
  <controlfield tag="001">IT\ICCU\CNCE\077594</controlfield>
  <controlfield tag="005">20140304000000.0</controlfield>
  <datafield tag="012" ind1=" " ind2=" ">
    <subfield code="a">e.e. taa- e.s- gnue (C) 1532 (R)</subfield>
    <subfield code="2">fei</subfield>
  </datafield>
  <datafield tag="100" ind1=" " ind2=" ">
    <subfield code="a">20120913d1532        0itac0103    ba</subfield>
  </datafield>
  <datafield tag="101" ind1=" " ind2=" ">
    <subfield code="a">ITA</subfield>
  </datafield>
  <datafield tag="102" ind1=" " ind2=" ">
    <subfield code="a">IT</subfield>
  </datafield>
  <datafield tag="200" ind1="1" ind2=" ">
    <subfield code="a">Thesauro de scrittori opera artificiosa laquale\!! con grandissima arte si per pratica come per geometria insegna a scriuere diuerse sorte littere: cioe cancellarescha: merchantesca: formata: cursiua: antiqua: moderna: et bastarda, de piu&apos; sorte: cum uarij e bellissimi exempli et altre sorte littere de varie lingue: cioe&apos; grecha: hebraica: caldea et arabicha: tutte extratte da diuersi et probatissimi auttori: et massimamente dalo preclarissimo Sigismondo Fanto nobile ferrarese : mathematico: et architettore eruditissimo: dele mesure e ragione de littere primo inuentore: intagliata per Vgo da Carpi</subfield>
  </datafield>
  <datafield tag="210" ind1=" " ind2=" ">
    <subfield code="d">1532</subfield>
  </datafield>
  <datafield tag="215" ind1=" " ind2=" ">
    <subfield code="a">\44! c.</subfield>
    <subfield code="d">4ʻ</subfield>
  </datafield>
  <datafield tag="300" ind1=" " ind2=" ">
    <subfield code="a">Il front. e la maggior parte delle carte sono xilogr.; stampate con caratteri tipogr. solo le c. A2r e A31v-A40v. - A c. A3r  ̈riprodotto il front. xilogr. dell&apos;opera del Tagliente: &quot;Lo presente libro insegna la vera arte delo excellente scrivere ... MDXXIIII&quot;. - Var.B: testo ricomposto</subfield>
  </datafield>
  <datafield tag="702" ind1=" " ind2="1">
    <subfield code="a">Fanti,</subfield>
    <subfield code="b">Sigismondo</subfield>
    <subfield code="3">IT\ICCU\CNCA\005248</subfield>
  </datafield>
  <datafield tag="702" ind1=" " ind2="0">
    <subfield code="a">Ugo</subfield>
    <subfield code="c"> : da#Carpi</subfield>
    <subfield code="3">IT\ICCU\CNCA\006990</subfield>
  </datafield>
  <datafield tag="712" ind1="0" ind2="2">
    <subfield code="a">s.n.</subfield>
    <subfield code="3">IT\ICCU\CNCT\000002</subfield>
    <subfield code="4">650</subfield>
  </datafield>
  <datafield tag="790" ind1=" " ind2="1">
    <subfield code="a">Fanti,</subfield>
    <subfield code="b">Gismondo</subfield>
    <subfield code="3">IT\ICCU\CNCA\019010</subfield>
    <subfield code="z">Fanti, Sigismondo</subfield>
  </datafield>
  <datafield tag="790" ind1=" " ind2="1">
    <subfield code="a">De_Fantis,</subfield>
    <subfield code="b">Sigismundus</subfield>
    <subfield code="3">IT\ICCU\CNCA\022284</subfield>
    <subfield code="z">Fanti, Sigismondo</subfield>
  </datafield>
  <datafield tag="790" ind1=" " ind2="1">
    <subfield code="a">Carpi,</subfield>
    <subfield code="b">Ugo : da</subfield>
    <subfield code="3">IT\ICCU\CNCA\025854</subfield>
    <subfield code="z">Ugo : da#Carpi</subfield>
  </datafield>
  <datafield tag="801" ind1=" " ind2="3">
    <subfield code="a">IT</subfield>
    <subfield code="b">ICCU</subfield>
    <subfield code="c">20201115</subfield>
  </datafield>
  <datafield tag="899" ind1=" " ind2=" ">
    <subfield code="a">Biblioteca statale di Montevergine. Mercogliano</subfield>
    <subfield code="1">AV0045</subfield>
    <subfield code="2">NAP MV</subfield>
  </datafield>
  <datafield tag="899" ind1=" " ind2=" ">
    <subfield code="a">Biblioteca universitaria. Bologna</subfield>
    <subfield code="1">BO0098</subfield>
    <subfield code="2">UBO BU</subfield>
  </datafield>
  <datafield tag="899" ind1=" " ind2=" ">
    <subfield code="a">Biblioteca civica Berio. Genova</subfield>
    <subfield code="z">(Var.A)</subfield>
    <subfield code="1">GE0036</subfield>
    <subfield code="2">SGE BE</subfield>
  </datafield>
  <datafield tag="899" ind1=" " ind2=" ">
    <subfield code="a">Biblioteca comunale Passerini Landi. Piacenza</subfield>
    <subfield code="1">PC0030</subfield>
    <subfield code="2">PIA PL</subfield>
  </datafield>
  <datafield tag="899" ind1=" " ind2=" ">
    <subfield code="a">Biblioteca universitaria. Padova</subfield>
    <subfield code="1">PD0158</subfield>
    <subfield code="2">PUV 00</subfield>
  </datafield>
  <datafield tag="899" ind1=" " ind2=" ">
    <subfield code="a">Biblioteca del Seminario diocesano di Concordia-Pordenone. Pordenone</subfield>
    <subfield code="1">PN0052</subfield>
    <subfield code="2">TSA SC</subfield>
  </datafield>
  <datafield tag="899" ind1=" " ind2=" ">
    <subfield code="a">Biblioteca comunale degli Intronati. Siena</subfield>
    <subfield code="z">(Var.B)</subfield>
    <subfield code="1">SI0046</subfield>
    <subfield code="2">RT1 QI</subfield>
  </datafield>
  <datafield tag="899" ind1=" " ind2=" ">
    <subfield code="a">Biblioteca nazionale Marciana. Venezia</subfield>
    <subfield code="1">VE0049</subfield>
    <subfield code="2">VEA BM</subfield>
  </datafield>
  <datafield tag="899" ind1=" " ind2=" ">
    <subfield code="a">Biblioteche della Fondazione Giorgio Cini onlus. Venezia</subfield>
    <subfield code="1">VE0239</subfield>
    <subfield code="2">VEA FC</subfield>
  </datafield>
  <datafield tag="899" ind1=" " ind2=" ">
    <subfield code="a">Biblioteca Fondazione Studium Generale Marcianum. Venezia</subfield>
    <subfield code="1">VE0311</subfield>
    <subfield code="2">PBE D7</subfield>
  </datafield>
</record>
</collection>
